 @article{paper ,
 author = "Nelson M. J. and El Karoui I. and Giber K. and Yang X. and Cohen L. and Koopman H. and Cash S. S. and Naccache L. and Hale J. T. and Pallier C. and Dehaene S.",
 title = "Neurophysiological dynamics of phrase-structure building during sentence processing",
 journal = "PNAS",
 volume = "114" ,
 number = "18",
 pages = "E3669--E3678",
 year = "2017"
}